%% This BibTeX bibliography file was created using BibDesk.
%% https://bibdesk.sourceforge.io/

%% Created for Kenneth Shultz at 2022-03-10 07:21:13 -0500


%% Saved with string encoding Unicode (UTF-8)



@book{ricardo,
	author = {Ricardo Kongkreingkrai},
	date-added = {2022-03-10 07:01:01 -0500},
	date-modified = {2022-03-10 07:21:11 -0500},
	edition = {4th},
	editor = {Steve Kongkreingkrai},
	keywords = {key, word},
	month = {June},
	publisher = {PermitZIP Publishing},
	title = {Another Great Book},
	volume = {XXX},
	year = {2014}}

@book{kenny,
	author = {Kenneth Shultz},
	date-added = {2022-03-10 06:58:30 -0500},
	date-modified = {2022-03-10 07:21:07 -0500},
	editor = {Phillip Brock},
	keywords = {blockchain, fun, ethics},
	month = {July},
	publisher = {PermitZIP Publishing},
	title = {A Book by Kenneth Shultz},
	volume = {IV},
	year = {2022}}
